<?xml version="1.0" encoding="UTF-8"?><record xmlns="http://www.loc.gov/MARC21/slim" xmlns:cinclude="http://apache.org/cocoon/include/1.0" xmlns:zs="http://www.loc.gov/zing/srw/">
  <leader>00617cz  a2200169n  4500</leader>
  <controlfield tag="001">no2003018120</controlfield>
  <controlfield tag="003">DLC</controlfield>
  <controlfield tag="005">20121101075111.0</controlfield>
  <controlfield tag="008">030225n| acannaabn          |a aaa     c</controlfield>
  <datafield tag="010" ind1=" " ind2=" ">
    <subfield code="a">no2003018120</subfield>
  </datafield>
  <datafield tag="035" ind1=" " ind2=" ">
    <subfield code="a">(OCoLC)oca05981836</subfield>
  </datafield>
  <datafield tag="040" ind1=" " ind2=" ">
    <subfield code="a">AzTeS</subfield>
    <subfield code="b">eng</subfield>
    <subfield code="c">AzTeS</subfield>
    <subfield code="d">NIC</subfield>
  </datafield>
  <datafield tag="100" ind1="1" ind2=" ">
    <subfield code="a">Guerrero, Annie Pascual</subfield>
  </datafield>
  <datafield tag="400" ind1="1" ind2=" ">
    <subfield code="a">Pascual-Guerrero, Annie</subfield>
  </datafield>
  <datafield tag="400" ind1="1" ind2=" ">
    <subfield code="a">Guerrero, Susana Pascual-</subfield>
  </datafield>
  <datafield tag="670" ind1=" " ind2=" ">
    <subfield code="a">Cooking with love, 2001:</subfield>
    <subfield code="b">t.p. (Annie Pascual Guerrero) p. 7 (Annie P. Guerrero)</subfield>
  </datafield>
  <datafield tag="670" ind1=" " ind2=" ">
    <subfield code="a">An A-Z guide for a green Pinoy, 2010:</subfield>
    <subfield code="b">t.p. (Annie Pascual-Guerrero) p. 144-145 (Susana "Annie" Pascual-Guerrero; Annie Guerrero)</subfield>
  </datafield>
</record>